@article{rane2021re,
  title={Re-designing the business organization using disruptive innovations based on blockchain-IoT integrated architecture for improving agility in future Industry 4.0},
  author={Rane, Santosh B and Narvel, Yahya Abdul Majid},
  journal={Benchmarking: An International Journal},
  volume={28},
  number={5},
  pages={1883--1908},
  year={2021},
  publisher={Emerald Publishing Limited}
}

@article{sunal2022review,
  title={Review of machine learning based fault detection for centrifugal pump induction motors},
  author={Sunal, Cem Ekin and Dyo, Vladimir and Velisavljevic, Vladan},
  journal={IEEE access},
  volume={10},
  pages={71344--71355},
  year={2022},
  publisher={IEEE}
}

@article{saeed2021fault,
  title={Fault diagnosis based on extremely randomized trees in wireless sensor networks},
  author={Saeed, Umer and Jan, Sana Ullah and Lee, Young-Doo and Koo, Insoo},
  journal={Reliability engineering \& system safety},
  volume={205},
  pages={107284},
  year={2021},
  publisher={Elsevier}
}

@article{jiang2019bearing,
  title={Bearing fault classification based on convolutional neural network in noise environment},
  author={Jiang, Qinyu and Chang, Faliang and Sheng, Bowen},
  journal={IEEE Access},
  volume={7},
  pages={69795--69807},
  year={2019},
  publisher={IEEE}
}

